<record xmlns="http://www.loc.gov/MARC21/slim" xmlns:xsi="http://www.w3.org/2001/XMLSchema-instance" xsi:schemaLocation="http://www.loc.gov/MARC21/slim http://www.loc.gov/standards/marcxml/schema/MARC21slim.xsd"><leader>00037nz   2200037n  4500</leader><controlfield tag="001">DNB|100240593</controlfield><controlfield tag="003">DNB</controlfield><controlfield tag="005">20050623122302.0</controlfield><controlfield tag="008">900615|||az|nnaa|||||||||||| a|aaa|||| d</controlfield><datafield ind1="7" ind2=" " tag="016"><subfield code="a">100240593</subfield><subfield code="2">GyFmDB</subfield></datafield><datafield ind1=" " ind2=" " tag="040"><subfield code="a">0000</subfield><subfield code="b">ger</subfield><subfield code="d">0023</subfield><subfield code="f">RAK-PND</subfield></datafield><datafield ind1="1" ind2=" " tag="045"><subfield code="b">d5. Jh. n. Chr.</subfield></datafield><datafield ind1="0" ind2=" " tag="100"><subfield code="a">Parthenius,</subfield><subfield code="c">Constantinopolitanus</subfield><subfield code="d">5. Jh. n. Chr.</subfield></datafield><datafield ind1="0" ind2=" " tag="400"><subfield code="a">Parthenios,</subfield><subfield code="c">Kōnstantinupoleōs</subfield><subfield code="d">5. Jh. n. Chr.</subfield></datafield><datafield ind1="0" ind2=" " tag="400"><subfield code="a">Parthène,</subfield><subfield code="c">de Constantinople</subfield><subfield code="d">5. Jh. n. Chr.</subfield></datafield><datafield ind1="0" ind2=" " tag="400"><subfield code="a">Parthène,</subfield><subfield code="c">Archimandrite</subfield><subfield code="d">5. Jh. n. Chr.</subfield></datafield><datafield ind1="0" ind2=" " tag="400"><subfield code="a">Parthenius,</subfield><subfield code="c">Archimandrita</subfield><subfield code="d">5. Jh. n. Chr.</subfield></datafield><datafield ind1="0" ind2=" " tag="400"><subfield code="a">Parthenius,</subfield><subfield code="c">Presbyter</subfield><subfield code="d">5. Jh. n. Chr.</subfield></datafield><datafield ind1=" " ind2=" " tag="500"><subfield code="t">Parthenios &lt;Kōnstantinupoleōs&gt;: Decretum Synodale super Calvinianis dogmatibus. - 1643</subfield></datafield><datafield ind1=" " ind2=" " tag="500"><subfield code="t">Psalmi &lt;arab.&gt;. - 1792</subfield></datafield><datafield ind1=" " ind2=" " tag="678"><subfield code="a">Epistula ad Alexandrum Hierapolitanum</subfield></datafield><datafield ind1=" " ind2=" " tag="910"><subfield code="a">decretum synodale super calvinianis dogmatibus</subfield><subfield code="9">1</subfield></datafield><datafield ind1=" " ind2=" " tag="910"><subfield code="a">psalmi arab</subfield><subfield code="9">2</subfield></datafield><datafield ind1=" " ind2=" " tag="910"><subfield code="a">parthenii patriarchae constant decretum synodale super calvininis dogmatibus lat et gr</subfield><subfield code="9">1</subfield></datafield><datafield ind1=" " ind2=" " tag="911"><subfield code="a">ubmpar</subfield><subfield code="9">1</subfield></datafield><datafield ind1=" " ind2=" " tag="921"><subfield code="a">anthimus</subfield><subfield code="9">1</subfield></datafield><datafield ind1=" " ind2=" " tag="922"><subfield code="a">gw</subfield><subfield code="9">2</subfield></datafield><datafield ind1=" " ind2=" " tag="940"><subfield code="a">ger</subfield><subfield code="9">1</subfield></datafield><datafield ind1=" " ind2=" " tag="940"><subfield code="a">ara</subfield><subfield code="9">1</subfield></datafield><datafield ind1=" " ind2=" " tag="943"><subfield code="a">164x</subfield><subfield code="9">2</subfield></datafield><datafield ind1=" " ind2=" " tag="943"><subfield code="a">179x</subfield><subfield code="9">2</subfield></datafield><datafield ind1=" " ind2=" " tag="944"><subfield code="a">am</subfield><subfield code="9">2</subfield></datafield><datafield ind1=" " ind2=" " tag="950"><subfield code="a">parthenios konstantinupoleos</subfield><subfield code="9">1</subfield></datafield><datafield ind1=" " ind2=" " tag="999"><subfield code="a">BVB|BV002292275</subfield></datafield><datafield ind1=" " ind2=" " tag="999"><subfield code="a">BVB|BV001469459</subfield></datafield></record>